@online{betterApproximation,
	author = {Gruia Calinescu and Cristina G. Fernandes and Ulrich Finkler and Howard Karloff},
	title = {A Better Approximation Algorithm for Finding Planar Subgraphs},
	date = {1996-03-28},
	url = {http://citeseerx.ist.psu.edu/viewdoc/download?doi=10.1.1.93.4328&rep=rep1&type=pdf},
	urldate = {2017-05-31},
	language = {english}
}
@online{planar,
	author = {David Matula and Yossi Shiloach and Robert Tarjan},
	title = {Two Linear-Time algorithms for Five-coloring a Planar Graph},
	date = {1980-08},
	urldate = {2017-05-31},
	url = {http://i.stanford.edu/pub/cstr/reports/cs/tr/80/830/CS-TR-80-830.pdf},
	language = {english}
}